%YAML 1.1
%TAG !u! tag:unity3d.com,2011:
--- !u!1 &61875508
GameObject:
  m_ObjectHideFlags: 0
  m_CorrespondingSourceObject: {fileID: 0}
  m_PrefabInstance: {fileID: 0}
  m_PrefabAsset: {fileID: 0}
  serializedVersion: 6
  m_Component:
  - component: {fileID: 61875509}
  - component: {fileID: 61875510}
  m_Layer: 0
  m_Name: Tail Collider
  m_TagString: Untagged
  m_Icon: {fileID: 0}
  m_NavMeshLayer: 0
  m_StaticEditorFlags: 0
  m_IsActive: 1
--- !u!4 &61875509
Transform:
  m_ObjectHideFlags: 0
  m_CorrespondingSourceObject: {fileID: 0}
  m_PrefabInstance: {fileID: 0}
  m_PrefabAsset: {fileID: 0}
  m_GameObject: {fileID: 61875508}
  m_LocalRotation: {x: 0.005249217, y: 0.0005943511, z: 0.003021385, w: 0.9999815}
  m_LocalPosition: {x: 0, y: 1.116, z: -1.549}
  m_LocalScale: {x: 1, y: 1, z: 1}
  m_Children: []
  m_Father: {fileID: 4948689479531379783}
  m_RootOrder: 1
  m_LocalEulerAnglesHint: {x: 0.601, y: 0.07, z: 0.347}
--- !u!136 &61875510
CapsuleCollider:
  m_ObjectHideFlags: 0
  m_CorrespondingSourceObject: {fileID: 0}
  m_PrefabInstance: {fileID: 0}
  m_PrefabAsset: {fileID: 0}
  m_GameObject: {fileID: 61875508}
  m_Material: {fileID: 0}
  m_IsTrigger: 0
  m_Enabled: 1
  m_Radius: 0.14
  m_Height: 1.75
  m_Direction: 2
  m_Center: {x: 0, y: 0, z: 0}
--- !u!1 &1260653858
GameObject:
  m_ObjectHideFlags: 0
  m_CorrespondingSourceObject: {fileID: 0}
  m_PrefabInstance: {fileID: 0}
  m_PrefabAsset: {fileID: 0}
  serializedVersion: 6
  m_Component:
  - component: {fileID: 1260653859}
  m_Layer: 0
  m_Name: Engines
  m_TagString: Untagged
  m_Icon: {fileID: 0}
  m_NavMeshLayer: 0
  m_StaticEditorFlags: 0
  m_IsActive: 1
--- !u!4 &1260653859
Transform:
  m_ObjectHideFlags: 0
  m_CorrespondingSourceObject: {fileID: 0}
  m_PrefabInstance: {fileID: 0}
  m_PrefabAsset: {fileID: 0}
  m_GameObject: {fileID: 1260653858}
  m_LocalRotation: {x: 0, y: 0, z: 0, w: 1}
  m_LocalPosition: {x: 0, y: 0, z: 0}
  m_LocalScale: {x: 1, y: 1, z: 1}
  m_Children:
  - {fileID: 1754380655}
  m_Father: {fileID: 4948689479476650101}
  m_RootOrder: 5
  m_LocalEulerAnglesHint: {x: 0, y: 0, z: 0}
--- !u!1 &1310524273
GameObject:
  m_ObjectHideFlags: 0
  m_CorrespondingSourceObject: {fileID: 0}
  m_PrefabInstance: {fileID: 0}
  m_PrefabAsset: {fileID: 0}
  serializedVersion: 6
  m_Component:
  - component: {fileID: 1310524274}
  - component: {fileID: 1310524275}
  m_Layer: 0
  m_Name: Skid L Collider
  m_TagString: Untagged
  m_Icon: {fileID: 0}
  m_NavMeshLayer: 0
  m_StaticEditorFlags: 0
  m_IsActive: 1
--- !u!4 &1310524274
Transform:
  m_ObjectHideFlags: 0
  m_CorrespondingSourceObject: {fileID: 0}
  m_PrefabInstance: {fileID: 0}
  m_PrefabAsset: {fileID: 0}
  m_GameObject: {fileID: 1310524273}
  m_LocalRotation: {x: 0, y: 0, z: 0, w: 1}
  m_LocalPosition: {x: 0.742, y: 0.039, z: 0.198}
  m_LocalScale: {x: 1, y: 1, z: 1}
  m_Children: []
  m_Father: {fileID: 4948689479531379783}
  m_RootOrder: 3
  m_LocalEulerAnglesHint: {x: 0, y: 0, z: 0}
--- !u!136 &1310524275
CapsuleCollider:
  m_ObjectHideFlags: 0
  m_CorrespondingSourceObject: {fileID: 0}
  m_PrefabInstance: {fileID: 0}
  m_PrefabAsset: {fileID: 0}
  m_GameObject: {fileID: 1310524273}
  m_Material: {fileID: 0}
  m_IsTrigger: 0
  m_Enabled: 1
  m_Radius: 0.05
  m_Height: 1.7
  m_Direction: 2
  m_Center: {x: 0, y: 0, z: 0}
--- !u!1 &1754380654
GameObject:
  m_ObjectHideFlags: 0
  m_CorrespondingSourceObject: {fileID: 0}
  m_PrefabInstance: {fileID: 0}
  m_PrefabAsset: {fileID: 0}
  serializedVersion: 6
  m_Component:
  - component: {fileID: 1754380655}
  - component: {fileID: 1754380656}
  m_Layer: 0
  m_Name: MainEngine
  m_TagString: Untagged
  m_Icon: {fileID: 0}
  m_NavMeshLayer: 0
  m_StaticEditorFlags: 0
  m_IsActive: 1
--- !u!4 &1754380655
Transform:
  m_ObjectHideFlags: 0
  m_CorrespondingSourceObject: {fileID: 0}
  m_PrefabInstance: {fileID: 0}
  m_PrefabAsset: {fileID: 0}
  m_GameObject: {fileID: 1754380654}
  m_LocalRotation: {x: 0, y: 0, z: 0, w: 1}
  m_LocalPosition: {x: 0, y: 0, z: 0}
  m_LocalScale: {x: 1, y: 1, z: 1}
  m_Children: []
  m_Father: {fileID: 1260653859}
  m_RootOrder: 0
  m_LocalEulerAnglesHint: {x: 0, y: 0, z: 0}
--- !u!114 &1754380656
MonoBehaviour:
  m_ObjectHideFlags: 0
  m_CorrespondingSourceObject: {fileID: 0}
  m_PrefabInstance: {fileID: 0}
  m_PrefabAsset: {fileID: 0}
  m_GameObject: {fileID: 1754380654}
  m_Enabled: 1
  m_EditorHideFlags: 0
  m_Script: {fileID: 11500000, guid: 6661a18b628211d438ea909550c0a9ec, type: 3}
  m_Name: 
  m_EditorClassIdentifier: 
  MaxHorsePower: 140
  MaxRPM: 2700
  PowerDelay: 0.25
  PowerCurve:
    serializedVersion: 2
    m_Curve:
    - serializedVersion: 3
      time: 0
      value: -0.002456665
      inSlope: 0
      outSlope: 0
      tangentMode: 0
      weightedMode: 0
      inWeight: 0.33333334
      outWeight: 0.33333334
    - serializedVersion: 3
      time: 0.6464928
      value: 0.2859472
      inSlope: 1.6505976
      outSlope: 1.6505976
      tangentMode: 0
      weightedMode: 0
      inWeight: 0.10165159
      outWeight: 0.4254689
    - serializedVersion: 3
      time: 0.74937683
      value: 0.71911365
      inSlope: 3.0107725
      outSlope: 3.0107725
      tangentMode: 0
      weightedMode: 0
      inWeight: 0.33333334
      outWeight: 0.11175432
    - serializedVersion: 3
      time: 1
      value: 0.99754333
      inSlope: 0
      outSlope: 0
      tangentMode: 0
      weightedMode: 0
      inWeight: 0.5825876
      outWeight: 0.33333334
    m_PreInfinity: 2
    m_PostInfinity: 2
    m_RotationOrder: 4
  horsePower: 0
  rpm: 0
--- !u!1 &1895884836
GameObject:
  m_ObjectHideFlags: 0
  m_CorrespondingSourceObject: {fileID: 0}
  m_PrefabInstance: {fileID: 0}
  m_PrefabAsset: {fileID: 0}
  serializedVersion: 6
  m_Component:
  - component: {fileID: 1895884837}
  - component: {fileID: 1895884838}
  m_Layer: 0
  m_Name: Fuselage Collider
  m_TagString: Untagged
  m_Icon: {fileID: 0}
  m_NavMeshLayer: 0
  m_StaticEditorFlags: 0
  m_IsActive: 1
--- !u!4 &1895884837
Transform:
  m_ObjectHideFlags: 0
  m_CorrespondingSourceObject: {fileID: 0}
  m_PrefabInstance: {fileID: 0}
  m_PrefabAsset: {fileID: 0}
  m_GameObject: {fileID: 1895884836}
  m_LocalRotation: {x: 0, y: 0, z: 0, w: 1}
  m_LocalPosition: {x: 0, y: 0.753, z: 0}
  m_LocalScale: {x: 1, y: 1, z: 1}
  m_Children: []
  m_Father: {fileID: 4948689479531379783}
  m_RootOrder: 0
  m_LocalEulerAnglesHint: {x: 0, y: 0, z: 0}
--- !u!136 &1895884838
CapsuleCollider:
  m_ObjectHideFlags: 0
  m_CorrespondingSourceObject: {fileID: 0}
  m_PrefabInstance: {fileID: 0}
  m_PrefabAsset: {fileID: 0}
  m_GameObject: {fileID: 1895884836}
  m_Material: {fileID: 0}
  m_IsTrigger: 0
  m_Enabled: 1
  m_Radius: 0.65
  m_Height: 2.05
  m_Direction: 2
  m_Center: {x: 0, y: 0, z: 0}
--- !u!1 &1929648677
GameObject:
  m_ObjectHideFlags: 0
  m_CorrespondingSourceObject: {fileID: 0}
  m_PrefabInstance: {fileID: 0}
  m_PrefabAsset: {fileID: 0}
  serializedVersion: 6
  m_Component:
  - component: {fileID: 1929648678}
  - component: {fileID: 1929648679}
  m_Layer: 0
  m_Name: Mast Collider
  m_TagString: Untagged
  m_Icon: {fileID: 0}
  m_NavMeshLayer: 0
  m_StaticEditorFlags: 0
  m_IsActive: 1
--- !u!4 &1929648678
Transform:
  m_ObjectHideFlags: 0
  m_CorrespondingSourceObject: {fileID: 0}
  m_PrefabInstance: {fileID: 0}
  m_PrefabAsset: {fileID: 0}
  m_GameObject: {fileID: 1929648677}
  m_LocalRotation: {x: 0, y: 0, z: 0, w: 1}
  m_LocalPosition: {x: 0, y: 1.57, z: -0.238}
  m_LocalScale: {x: 1, y: 1, z: 1}
  m_Children: []
  m_Father: {fileID: 4948689479531379783}
  m_RootOrder: 2
  m_LocalEulerAnglesHint: {x: 0, y: 0, z: 0}
--- !u!136 &1929648679
CapsuleCollider:
  m_ObjectHideFlags: 0
  m_CorrespondingSourceObject: {fileID: 0}
  m_PrefabInstance: {fileID: 0}
  m_PrefabAsset: {fileID: 0}
  m_GameObject: {fileID: 1929648677}
  m_Material: {fileID: 0}
  m_IsTrigger: 0
  m_Enabled: 1
  m_Radius: 0.3
  m_Height: 1.25
  m_Direction: 1
  m_Center: {x: 0, y: 0, z: 0}
--- !u!1 &1944092909
GameObject:
  m_ObjectHideFlags: 0
  m_CorrespondingSourceObject: {fileID: 0}
  m_PrefabInstance: {fileID: 0}
  m_PrefabAsset: {fileID: 0}
  serializedVersion: 6
  m_Component:
  - component: {fileID: 1944092910}
  - component: {fileID: 1944092911}
  m_Layer: 0
  m_Name: Skid R Collider
  m_TagString: Untagged
  m_Icon: {fileID: 0}
  m_NavMeshLayer: 0
  m_StaticEditorFlags: 0
  m_IsActive: 1
--- !u!4 &1944092910
Transform:
  m_ObjectHideFlags: 0
  m_CorrespondingSourceObject: {fileID: 0}
  m_PrefabInstance: {fileID: 0}
  m_PrefabAsset: {fileID: 0}
  m_GameObject: {fileID: 1944092909}
  m_LocalRotation: {x: 0, y: 0, z: 0, w: 1}
  m_LocalPosition: {x: -0.742, y: 0.039, z: 0.198}
  m_LocalScale: {x: 1, y: 1, z: 1}
  m_Children: []
  m_Father: {fileID: 4948689479531379783}
  m_RootOrder: 4
  m_LocalEulerAnglesHint: {x: 0, y: 0, z: 0}
--- !u!136 &1944092911
CapsuleCollider:
  m_ObjectHideFlags: 0
  m_CorrespondingSourceObject: {fileID: 0}
  m_PrefabInstance: {fileID: 0}
  m_PrefabAsset: {fileID: 0}
  m_GameObject: {fileID: 1944092909}
  m_Material: {fileID: 0}
  m_IsTrigger: 0
  m_Enabled: 1
  m_Radius: 0.05
  m_Height: 1.7
  m_Direction: 2
  m_Center: {x: 0, y: 0, z: 0}
--- !u!1 &42507931732345191
GameObject:
  m_ObjectHideFlags: 0
  m_CorrespondingSourceObject: {fileID: 0}
  m_PrefabInstance: {fileID: 0}
  m_PrefabAsset: {fileID: 0}
  serializedVersion: 6
  m_Component:
  - component: {fileID: 5828406946922225556}
  - component: {fileID: 1609041882091405585}
  - component: {fileID: 4456252983074481911}
  m_Layer: 0
  m_Name: TailRotor
  m_TagString: Untagged
  m_Icon: {fileID: 0}
  m_NavMeshLayer: 0
  m_StaticEditorFlags: 0
  m_IsActive: 1
--- !u!4 &5828406946922225556
Transform:
  m_ObjectHideFlags: 0
  m_CorrespondingSourceObject: {fileID: 0}
  m_PrefabInstance: {fileID: 0}
  m_PrefabAsset: {fileID: 0}
  m_GameObject: {fileID: 42507931732345191}
  m_LocalRotation: {x: 0, y: 0, z: 0, w: 1}
  m_LocalPosition: {x: 0, y: 0, z: 0}
  m_LocalScale: {x: 1, y: 1, z: 1}
  m_Children: []
  m_Father: {fileID: 3816977105026352550}
  m_RootOrder: 1
  m_LocalEulerAnglesHint: {x: 0, y: 0, z: 0}
--- !u!114 &1609041882091405585
MonoBehaviour:
  m_ObjectHideFlags: 0
  m_CorrespondingSourceObject: {fileID: 0}
  m_PrefabInstance: {fileID: 0}
  m_PrefabAsset: {fileID: 0}
  m_GameObject: {fileID: 42507931732345191}
  m_Enabled: 1
  m_EditorHideFlags: 0
  m_Script: {fileID: 11500000, guid: 6548e6f28bdeef04eb67afc5d0410776, type: 3}
  m_Name: 
  m_EditorClassIdentifier: 
  rotorTransform: {fileID: 904838302598952390}
  leftRotor: {fileID: 3753930318918630659}
  rightRotor: {fileID: 3753930318918630667}
  maxPitch: 45
  rotationSpeedModifier: 1.5
--- !u!114 &4456252983074481911
MonoBehaviour:
  m_ObjectHideFlags: 0
  m_CorrespondingSourceObject: {fileID: 0}
  m_PrefabInstance: {fileID: 0}
  m_PrefabAsset: {fileID: 0}
  m_GameObject: {fileID: 42507931732345191}
  m_Enabled: 1
  m_EditorHideFlags: 0
  m_Script: {fileID: 11500000, guid: f95a1a5de0cf62442b27268725283f0c, type: 3}
  m_Name: 
  m_EditorClassIdentifier: 
  rotorTransform: {fileID: 0}
  maxDegreesPerSecond: 3000
  blades:
  - {fileID: 3753930318918263139}
  - {fileID: 3753930318918263147}
  blurQuad: {fileID: 2505623749638962112}
  blurTextures:
  - {fileID: 2800000, guid: b386a4b52fdf20c419e016d8bfc38328, type: 3}
  - {fileID: 2800000, guid: 9d7b5e314a8e4674f840038e26aa9dc4, type: 3}
  - {fileID: 2800000, guid: 982d2602a8a3b2d4db18a4c84bfbda55, type: 3}
  - {fileID: 2800000, guid: 100c599a2d97c044e8ec80deab3820ea, type: 3}
  - {fileID: 2800000, guid: f3d6503afda2cbb4eb78aa34a0b0204d, type: 3}
  - {fileID: 2800000, guid: db0d2d5bf8c3eed44940add47cc29740, type: 3}
  - {fileID: 2800000, guid: d4ebdebcff4d59a47a1c634ea0edb29e, type: 3}
  - {fileID: 2800000, guid: e7c3198a01922d240b128a02f16b0f73, type: 3}
  - {fileID: 2800000, guid: fd5bdfd071ee2674399772bd38828c4d, type: 3}
  - {fileID: 2800000, guid: 1c739f0df37149547b83ee86f1b71ab5, type: 3}
--- !u!1 &1398165274211512778
GameObject:
  m_ObjectHideFlags: 0
  m_CorrespondingSourceObject: {fileID: 0}
  m_PrefabInstance: {fileID: 0}
  m_PrefabAsset: {fileID: 0}
  serializedVersion: 6
  m_Component:
  - component: {fileID: 3816977105026352550}
  - component: {fileID: 9001744596827691019}
  m_Layer: 0
  m_Name: Rotors
  m_TagString: Untagged
  m_Icon: {fileID: 0}
  m_NavMeshLayer: 0
  m_StaticEditorFlags: 0
  m_IsActive: 1
--- !u!4 &3816977105026352550
Transform:
  m_ObjectHideFlags: 0
  m_CorrespondingSourceObject: {fileID: 0}
  m_PrefabInstance: {fileID: 0}
  m_PrefabAsset: {fileID: 0}
  m_GameObject: {fileID: 1398165274211512778}
  m_LocalRotation: {x: 0, y: 0, z: 0, w: 1}
  m_LocalPosition: {x: 0, y: 0, z: 0}
  m_LocalScale: {x: 1, y: 1, z: 1}
  m_Children:
  - {fileID: 6734159842285333086}
  - {fileID: 5828406946922225556}
  m_Father: {fileID: 4948689479476650101}
  m_RootOrder: 6
  m_LocalEulerAnglesHint: {x: 0, y: 0, z: 0}
--- !u!114 &9001744596827691019
MonoBehaviour:
  m_ObjectHideFlags: 0
  m_CorrespondingSourceObject: {fileID: 0}
  m_PrefabInstance: {fileID: 0}
  m_PrefabAsset: {fileID: 0}
  m_GameObject: {fileID: 1398165274211512778}
  m_Enabled: 1
  m_EditorHideFlags: 0
  m_Script: {fileID: 11500000, guid: f0969880298948f40b3bf9f3de6be4bc, type: 3}
  m_Name: 
  m_EditorClassIdentifier: 
  maxDegreesPerSecond: 3000
--- !u!1 &3562288933514542156
GameObject:
  m_ObjectHideFlags: 0
  m_CorrespondingSourceObject: {fileID: 0}
  m_PrefabInstance: {fileID: 0}
  m_PrefabAsset: {fileID: 0}
  serializedVersion: 6
  m_Component:
  - component: {fileID: 4636635966837144247}
  m_Layer: 0
  m_Name: LookPoint
  m_TagString: Untagged
  m_Icon: {fileID: 0}
  m_NavMeshLayer: 0
  m_StaticEditorFlags: 0
  m_IsActive: 1
--- !u!4 &4636635966837144247
Transform:
  m_ObjectHideFlags: 0
  m_CorrespondingSourceObject: {fileID: 0}
  m_PrefabInstance: {fileID: 0}
  m_PrefabAsset: {fileID: 0}
  m_GameObject: {fileID: 3562288933514542156}
  m_LocalRotation: {x: 0, y: 0, z: 0, w: 1}
  m_LocalPosition: {x: 0, y: 1.548, z: 1.15}
  m_LocalScale: {x: 1, y: 1, z: 1}
  m_Children: []
  m_Father: {fileID: 4948689479476650101}
  m_RootOrder: 2
  m_LocalEulerAnglesHint: {x: 0, y: 0, z: 0}
--- !u!1 &4948689478524992395
GameObject:
  m_ObjectHideFlags: 0
  m_CorrespondingSourceObject: {fileID: 0}
  m_PrefabInstance: {fileID: 0}
  m_PrefabAsset: {fileID: 0}
  serializedVersion: 6
  m_Component:
  - component: {fileID: 4948689478524992394}
  m_Layer: 0
  m_Name: Audio
  m_TagString: Untagged
  m_Icon: {fileID: 0}
  m_NavMeshLayer: 0
  m_StaticEditorFlags: 0
  m_IsActive: 1
--- !u!4 &4948689478524992394
Transform:
  m_ObjectHideFlags: 0
  m_CorrespondingSourceObject: {fileID: 0}
  m_PrefabInstance: {fileID: 0}
  m_PrefabAsset: {fileID: 0}
  m_GameObject: {fileID: 4948689478524992395}
  m_LocalRotation: {x: 0, y: 0, z: 0, w: 1}
  m_LocalPosition: {x: 0, y: 0, z: 0}
  m_LocalScale: {x: 1, y: 1, z: 1}
  m_Children: []
  m_Father: {fileID: 4948689479476650101}
  m_RootOrder: 3
  m_LocalEulerAnglesHint: {x: 0, y: 0, z: 0}
--- !u!1 &4948689479476650102
GameObject:
  m_ObjectHideFlags: 0
  m_CorrespondingSourceObject: {fileID: 0}
  m_PrefabInstance: {fileID: 0}
  m_PrefabAsset: {fileID: 0}
  serializedVersion: 6
  m_Component:
  - component: {fileID: 4948689479476650101}
  - component: {fileID: 2010367412385704842}
  - component: {fileID: 506437898997079355}
  - component: {fileID: 826133361608615619}
  - component: {fileID: 901178515614417948}
  m_Layer: 0
  m_Name: R22 Helicopter
  m_TagString: Untagged
  m_Icon: {fileID: 0}
  m_NavMeshLayer: 0
  m_StaticEditorFlags: 0
  m_IsActive: 1
--- !u!4 &4948689479476650101
Transform:
  m_ObjectHideFlags: 0
  m_CorrespondingSourceObject: {fileID: 0}
  m_PrefabInstance: {fileID: 0}
  m_PrefabAsset: {fileID: 0}
  m_GameObject: {fileID: 4948689479476650102}
  m_LocalRotation: {x: 0, y: 0, z: 0, w: 1}
  m_LocalPosition: {x: 0, y: 0, z: 0}
  m_LocalScale: {x: 1, y: 1, z: 1}
  m_Children:
  - {fileID: 3753930318918630681}
  - {fileID: 4948689480145505592}
  - {fileID: 4636635966837144247}
  - {fileID: 4948689478524992394}
  - {fileID: 4948689479531379783}
  - {fileID: 1260653859}
  - {fileID: 3816977105026352550}
  m_Father: {fileID: 0}
  m_RootOrder: 0
  m_LocalEulerAnglesHint: {x: 0, y: 0, z: 0}
--- !u!54 &2010367412385704842
Rigidbody:
  m_ObjectHideFlags: 0
  m_CorrespondingSourceObject: {fileID: 0}
  m_PrefabInstance: {fileID: 0}
  m_PrefabAsset: {fileID: 0}
  m_GameObject: {fileID: 4948689479476650102}
  serializedVersion: 2
  m_Mass: 1
  m_Drag: 0.5
  m_AngularDrag: 1
  m_UseGravity: 1
  m_IsKinematic: 0
  m_Interpolate: 0
  m_Constraints: 0
  m_CollisionDetection: 0
--- !u!114 &506437898997079355
MonoBehaviour:
  m_ObjectHideFlags: 0
  m_CorrespondingSourceObject: {fileID: 0}
  m_PrefabInstance: {fileID: 0}
  m_PrefabAsset: {fileID: 0}
  m_GameObject: {fileID: 4948689479476650102}
  m_Enabled: 1
  m_EditorHideFlags: 0
  m_Script: {fileID: 11500000, guid: 1ef1e4fc44bc5024ea2f38501b44837f, type: 3}
  m_Name: 
  m_EditorClassIdentifier: 
  stickDeadzone: 0.15
--- !u!114 &826133361608615619
MonoBehaviour:
  m_ObjectHideFlags: 0
  m_CorrespondingSourceObject: {fileID: 0}
  m_PrefabInstance: {fileID: 0}
  m_PrefabAsset: {fileID: 0}
  m_GameObject: {fileID: 4948689479476650102}
  m_Enabled: 1
  m_EditorHideFlags: 0
  m_Script: {fileID: 11500000, guid: 88c75be8a05f88e488af4bbc6db98d4f, type: 3}
  m_Name: 
  m_EditorClassIdentifier: 
  Mass: 550
  CenterOfGravity: {fileID: 4948689480145505592}
  Engines:
  - {fileID: 1754380656}
  RotorController: {fileID: 9001744596827691019}
--- !u!114 &901178515614417948
MonoBehaviour:
  m_ObjectHideFlags: 0
  m_CorrespondingSourceObject: {fileID: 0}
  m_PrefabInstance: {fileID: 0}
  m_PrefabAsset: {fileID: 0}
  m_GameObject: {fileID: 4948689479476650102}
  m_Enabled: 1
  m_EditorHideFlags: 0
  m_Script: {fileID: 11500000, guid: 9e73888e7b141f3419f2ed5017417908, type: 3}
  m_Name: 
  m_EditorClassIdentifier: 
  MaxLiftForce: 5
  mainRotor: {fileID: 7955632062794168342}
  CyclicForce: 2
  CyclicForceMultiplier: 4
  TailForce: 2
  AutoLevelForce: 4
--- !u!1 &4948689479531379776
GameObject:
  m_ObjectHideFlags: 0
  m_CorrespondingSourceObject: {fileID: 0}
  m_PrefabInstance: {fileID: 0}
  m_PrefabAsset: {fileID: 0}
  serializedVersion: 6
  m_Component:
  - component: {fileID: 4948689479531379783}
  m_Layer: 0
  m_Name: Colliders
  m_TagString: Untagged
  m_Icon: {fileID: 0}
  m_NavMeshLayer: 0
  m_StaticEditorFlags: 0
  m_IsActive: 1
--- !u!4 &4948689479531379783
Transform:
  m_ObjectHideFlags: 0
  m_CorrespondingSourceObject: {fileID: 0}
  m_PrefabInstance: {fileID: 0}
  m_PrefabAsset: {fileID: 0}
  m_GameObject: {fileID: 4948689479531379776}
  m_LocalRotation: {x: 0, y: 0, z: 0, w: 1}
  m_LocalPosition: {x: 0, y: 0, z: 0}
  m_LocalScale: {x: 1, y: 1, z: 1}
  m_Children:
  - {fileID: 1895884837}
  - {fileID: 61875509}
  - {fileID: 1929648678}
  - {fileID: 1310524274}
  - {fileID: 1944092910}
  m_Father: {fileID: 4948689479476650101}
  m_RootOrder: 4
  m_LocalEulerAnglesHint: {x: 0, y: 0, z: 0}
--- !u!1 &4948689480145505593
GameObject:
  m_ObjectHideFlags: 0
  m_CorrespondingSourceObject: {fileID: 0}
  m_PrefabInstance: {fileID: 0}
  m_PrefabAsset: {fileID: 0}
  serializedVersion: 6
  m_Component:
  - component: {fileID: 4948689480145505592}
  m_Layer: 0
  m_Name: Center of Gravity
  m_TagString: Untagged
  m_Icon: {fileID: 0}
  m_NavMeshLayer: 0
  m_StaticEditorFlags: 0
  m_IsActive: 1
--- !u!4 &4948689480145505592
Transform:
  m_ObjectHideFlags: 0
  m_CorrespondingSourceObject: {fileID: 0}
  m_PrefabInstance: {fileID: 0}
  m_PrefabAsset: {fileID: 0}
  m_GameObject: {fileID: 4948689480145505593}
  m_LocalRotation: {x: 0, y: 0, z: 0, w: 1}
  m_LocalPosition: {x: 0, y: 0.636, z: -0.291}
  m_LocalScale: {x: 1, y: 1, z: 1}
  m_Children: []
  m_Father: {fileID: 4948689479476650101}
  m_RootOrder: 1
  m_LocalEulerAnglesHint: {x: 0, y: 0, z: 0}
--- !u!1 &8321309737936586099
GameObject:
  m_ObjectHideFlags: 0
  m_CorrespondingSourceObject: {fileID: 0}
  m_PrefabInstance: {fileID: 0}
  m_PrefabAsset: {fileID: 0}
  serializedVersion: 6
  m_Component:
  - component: {fileID: 6734159842285333086}
  - component: {fileID: 7955632062794168342}
  - component: {fileID: 8209844900869897087}
  m_Layer: 0
  m_Name: MainRotor
  m_TagString: Untagged
  m_Icon: {fileID: 0}
  m_NavMeshLayer: 0
  m_StaticEditorFlags: 0
  m_IsActive: 1
--- !u!4 &6734159842285333086
Transform:
  m_ObjectHideFlags: 0
  m_CorrespondingSourceObject: {fileID: 0}
  m_PrefabInstance: {fileID: 0}
  m_PrefabAsset: {fileID: 0}
  m_GameObject: {fileID: 8321309737936586099}
  m_LocalRotation: {x: 0, y: 0, z: 0, w: 1}
  m_LocalPosition: {x: 0, y: 0, z: 0}
  m_LocalScale: {x: 1, y: 1, z: 1}
  m_Children: []
  m_Father: {fileID: 3816977105026352550}
  m_RootOrder: 0
  m_LocalEulerAnglesHint: {x: 0, y: 0, z: 0}
--- !u!114 &7955632062794168342
MonoBehaviour:
  m_ObjectHideFlags: 0
  m_CorrespondingSourceObject: {fileID: 0}
  m_PrefabInstance: {fileID: 0}
  m_PrefabAsset: {fileID: 0}
  m_GameObject: {fileID: 8321309737936586099}
  m_Enabled: 1
  m_EditorHideFlags: 0
  m_Script: {fileID: 11500000, guid: 81573adbe20c53242b96b841fa9053fb, type: 3}
  m_Name: 
  m_EditorClassIdentifier: 
  rotorTransform: {fileID: 651498257163139472}
  leftRotor: {fileID: 3753930318918630661}
  rightRotor: {fileID: 3753930318918630669}
  maxPitch: 35
  rotationSpeedModifier: 0.5
--- !u!114 &8209844900869897087
MonoBehaviour:
  m_ObjectHideFlags: 0
  m_CorrespondingSourceObject: {fileID: 0}
  m_PrefabInstance: {fileID: 0}
  m_PrefabAsset: {fileID: 0}
  m_GameObject: {fileID: 8321309737936586099}
  m_Enabled: 1
  m_EditorHideFlags: 0
  m_Script: {fileID: 11500000, guid: f95a1a5de0cf62442b27268725283f0c, type: 3}
  m_Name: 
  m_EditorClassIdentifier: 
  rotorTransform: {fileID: 0}
  maxDegreesPerSecond: 3000
  blades:
  - {fileID: 3753930318918263141}
  - {fileID: 3753930318918263149}
  blurQuad: {fileID: 453204389903814523}
  blurTextures:
  - {fileID: 2800000, guid: fbbf55dfa1024e245badd246696f6cfa, type: 3}
  - {fileID: 2800000, guid: c981b2c180599d644a9c432b09196a4f, type: 3}
  - {fileID: 2800000, guid: bc755d4c6ef365945a15b26dbc14bce1, type: 3}
  - {fileID: 2800000, guid: 8a5e73e576912554a9a6e0f2534c7567, type: 3}
  - {fileID: 2800000, guid: 8a6f2a277c8266248b48ace30a57a3b8, type: 3}
  - {fileID: 2800000, guid: 22296aaa2494fb64ca453e13c3ad4459, type: 3}
  - {fileID: 2800000, guid: 6dc3e3449e0eed949a13e1e5bc062a26, type: 3}
  - {fileID: 2800000, guid: ed3134fc98a404a41aed092e53506785, type: 3}
  - {fileID: 2800000, guid: 7068257164979f64fa4e07d401476b4f, type: 3}
  - {fileID: 2800000, guid: 52c95cced04f28141b39f5ea47ad81dc, type: 3}
--- !u!1001 &5233464835505829831
PrefabInstance:
  m_ObjectHideFlags: 0
  serializedVersion: 2
  m_Modification:
    m_TransformParent: {fileID: 4948689479476650101}
    m_Modifications:
    - target: {fileID: 1565251137598847625, guid: 55548fbcce7da584b897edf402f4bb00, type: 3}
      propertyPath: m_Materials.Array.data[0]
      value: 
      objectReference: {fileID: 2100000, guid: b4773d262a259d745832ae23827530ff, type: 2}
    - target: {fileID: 5686668057151273148, guid: 55548fbcce7da584b897edf402f4bb00, type: 3}
      propertyPath: m_Name
      value: RotorBlurQuad
      objectReference: {fileID: 0}
    - target: {fileID: 8987393985100355262, guid: 55548fbcce7da584b897edf402f4bb00, type: 3}
      propertyPath: m_Name
      value: Graphics
      objectReference: {fileID: 0}
    - target: {fileID: 8987393985100355264, guid: 55548fbcce7da584b897edf402f4bb00, type: 3}
      propertyPath: m_Name
      value: R22_Cockpit_Group
      objectReference: {fileID: 0}
    - target: {fileID: 8987393985100384990, guid: 55548fbcce7da584b897edf402f4bb00, type: 3}
      propertyPath: m_RootOrder
      value: 0
      objectReference: {fileID: 0}
    - target: {fileID: 8987393985100384990, guid: 55548fbcce7da584b897edf402f4bb00, type: 3}
      propertyPath: m_LocalPosition.x
      value: 0
      objectReference: {fileID: 0}
    - target: {fileID: 8987393985100384990, guid: 55548fbcce7da584b897edf402f4bb00, type: 3}
      propertyPath: m_LocalPosition.y
      value: 0
      objectReference: {fileID: 0}
    - target: {fileID: 8987393985100384990, guid: 55548fbcce7da584b897edf402f4bb00, type: 3}
      propertyPath: m_LocalPosition.z
      value: 0
      objectReference: {fileID: 0}
    - target: {fileID: 8987393985100384990, guid: 55548fbcce7da584b897edf402f4bb00, type: 3}
      propertyPath: m_LocalRotation.w
      value: 1
      objectReference: {fileID: 0}
    - target: {fileID: 8987393985100384990, guid: 55548fbcce7da584b897edf402f4bb00, type: 3}
      propertyPath: m_LocalRotation.x
      value: 0
      objectReference: {fileID: 0}
    - target: {fileID: 8987393985100384990, guid: 55548fbcce7da584b897edf402f4bb00, type: 3}
      propertyPath: m_LocalRotation.y
      value: -0
      objectReference: {fileID: 0}
    - target: {fileID: 8987393985100384990, guid: 55548fbcce7da584b897edf402f4bb00, type: 3}
      propertyPath: m_LocalRotation.z
      value: -0
      objectReference: {fileID: 0}
    - target: {fileID: 8987393985100384990, guid: 55548fbcce7da584b897edf402f4bb00, type: 3}
      propertyPath: m_LocalEulerAnglesHint.x
      value: 0
      objectReference: {fileID: 0}
    - target: {fileID: 8987393985100384990, guid: 55548fbcce7da584b897edf402f4bb00, type: 3}
      propertyPath: m_LocalEulerAnglesHint.y
      value: 0
      objectReference: {fileID: 0}
    - target: {fileID: 8987393985100384990, guid: 55548fbcce7da584b897edf402f4bb00, type: 3}
      propertyPath: m_LocalEulerAnglesHint.z
      value: 0
      objectReference: {fileID: 0}
    - target: {fileID: 9092066640644480135, guid: 55548fbcce7da584b897edf402f4bb00, type: 3}
      propertyPath: m_LocalScale.x
      value: 0.5838658
      objectReference: {fileID: 0}
    - target: {fileID: 9092066640644480135, guid: 55548fbcce7da584b897edf402f4bb00, type: 3}
      propertyPath: m_LocalScale.y
      value: 0.5838658
      objectReference: {fileID: 0}
    - target: {fileID: 9092066640644480135, guid: 55548fbcce7da584b897edf402f4bb00, type: 3}
      propertyPath: m_LocalScale.z
      value: 0.5838658
      objectReference: {fileID: 0}
    m_RemovedComponents: []
  m_SourcePrefab: {fileID: 100100000, guid: 55548fbcce7da584b897edf402f4bb00, type: 3}
--- !u!4 &3753930318918630667 stripped
Transform:
  m_CorrespondingSourceObject: {fileID: 8987393985100384972, guid: 55548fbcce7da584b897edf402f4bb00, type: 3}
  m_PrefabInstance: {fileID: 5233464835505829831}
  m_PrefabAsset: {fileID: 0}
--- !u!1 &3753930318918263147 stripped
GameObject:
  m_CorrespondingSourceObject: {fileID: 8987393985100355244, guid: 55548fbcce7da584b897edf402f4bb00, type: 3}
  m_PrefabInstance: {fileID: 5233464835505829831}
  m_PrefabAsset: {fileID: 0}
--- !u!4 &3753930318918630659 stripped
Transform:
  m_CorrespondingSourceObject: {fileID: 8987393985100384964, guid: 55548fbcce7da584b897edf402f4bb00, type: 3}
  m_PrefabInstance: {fileID: 5233464835505829831}
  m_PrefabAsset: {fileID: 0}
--- !u!1 &3753930318918263139 stripped
GameObject:
  m_CorrespondingSourceObject: {fileID: 8987393985100355236, guid: 55548fbcce7da584b897edf402f4bb00, type: 3}
  m_PrefabInstance: {fileID: 5233464835505829831}
  m_PrefabAsset: {fileID: 0}
--- !u!4 &904838302598952390 stripped
Transform:
  m_CorrespondingSourceObject: {fileID: 4913322938855408129, guid: 55548fbcce7da584b897edf402f4bb00, type: 3}
  m_PrefabInstance: {fileID: 5233464835505829831}
  m_PrefabAsset: {fileID: 0}
--- !u!1 &453204389903814523 stripped
GameObject:
  m_CorrespondingSourceObject: {fileID: 5686668057151273148, guid: 55548fbcce7da584b897edf402f4bb00, type: 3}
  m_PrefabInstance: {fileID: 5233464835505829831}
  m_PrefabAsset: {fileID: 0}
--- !u!4 &3753930318918630669 stripped
Transform:
  m_CorrespondingSourceObject: {fileID: 8987393985100384970, guid: 55548fbcce7da584b897edf402f4bb00, type: 3}
  m_PrefabInstance: {fileID: 5233464835505829831}
  m_PrefabAsset: {fileID: 0}
--- !u!1 &3753930318918263149 stripped
GameObject:
  m_CorrespondingSourceObject: {fileID: 8987393985100355242, guid: 55548fbcce7da584b897edf402f4bb00, type: 3}
  m_PrefabInstance: {fileID: 5233464835505829831}
  m_PrefabAsset: {fileID: 0}
--- !u!4 &651498257163139472 stripped
Transform:
  m_CorrespondingSourceObject: {fileID: 4732041570854637143, guid: 55548fbcce7da584b897edf402f4bb00, type: 3}
  m_PrefabInstance: {fileID: 5233464835505829831}
  m_PrefabAsset: {fileID: 0}
--- !u!4 &3753930318918630661 stripped
Transform:
  m_CorrespondingSourceObject: {fileID: 8987393985100384962, guid: 55548fbcce7da584b897edf402f4bb00, type: 3}
  m_PrefabInstance: {fileID: 5233464835505829831}
  m_PrefabAsset: {fileID: 0}
--- !u!1 &3753930318918263141 stripped
GameObject:
  m_CorrespondingSourceObject: {fileID: 8987393985100355234, guid: 55548fbcce7da584b897edf402f4bb00, type: 3}
  m_PrefabInstance: {fileID: 5233464835505829831}
  m_PrefabAsset: {fileID: 0}
--- !u!4 &3753930318918630681 stripped
Transform:
  m_CorrespondingSourceObject: {fileID: 8987393985100384990, guid: 55548fbcce7da584b897edf402f4bb00, type: 3}
  m_PrefabInstance: {fileID: 5233464835505829831}
  m_PrefabAsset: {fileID: 0}
--- !u!1 &2505623749638962112 stripped
GameObject:
  m_CorrespondingSourceObject: {fileID: 7666466923387915271, guid: 55548fbcce7da584b897edf402f4bb00, type: 3}
  m_PrefabInstance: {fileID: 5233464835505829831}
  m_PrefabAsset: {fileID: 0}
